%% This BibTeX bibliography file was created using BibDesk.
%% http://bibdesk.sourceforge.net/
%% Saved with string encoding Unicode (UTF-8)
@misc{OpenGL:About,
  author = {OpenGL},
  title = {About {OpenGL}},
  year = 1992,
  url = {https://opengl.org/about/},
  urldate = {2018-06-15}
}

@misc{C:About, 
    author = {C},
    title = {C Programming Language},
    year = 1972,
    url = {https://en.wikipedia.org/wiki/C_(programming_language)},
    urldate = {2018-06-15}
}

@misc{BellLabs:Site,
    author = "{Bell Labs}",
    title = {Bell Labs},
    year = 1972,
    url = {https://www.bell-labs.com/},
    urldate = {2018-06-15}
}

@misc{GeneralPurposeLanguage:About,
    author = "{The free dictionary}",
    title = {Linguagem de propósito geral},
    year = 2018,
    url = {https://encyclopedia2.thefreedictionary.com/general-purpose+language},
    urldate = {2018-06-15}
}

@misc{GLFW:About,
    author = "{GLFW}",
    title = {GLFW},
    year = 2018,
    url = {http://www.glfw.org/},
    urldate = {2018-06-15}
}

@misc{Unix:About,
    author = "{Unix Webiste}",
    title = {Unix},
    year = 1971,
    url = {http://www.unix.org/},
    urldate = {2018-06-15}
}

@misc{Linux:About,
    author = "{Linux Website}",
    title = {Linux Website},
    year = 2018,
    url = {https://www.linux.org/articles/},
    urldate = {2018-06-15}
}

@misc{FreeBSD:About,
    author = "{FreeBSD}",
    title = {FreeBSD},
    year = 2018,
    url = {https://www.freebsd.org/about.html},
    urldate = {2018-06-15}
}

@misc{X:About,
    author = "{X Window System}",
    title = {X Window System},
    year = 2018,
    url = {https://www.x.org/wiki/},
    urldate = {2018-06-15}
}

@misc{Tinycthread:About,
    author = "{TinyCThread}",
    title = {TinyCThread},
    year = 2018,
    url = {https://tinycthread.github.io/},
    urldate = {2018-06-19}
}

@misc{TauloPorrens,
    author = "{A.P.D.A. Associação de Programadores Depressivos Anônimos}",
    title = {A.P.D.A.},
    year = 2018,
    url = {https://www.facebook.com/groups/osadpa/},
    urldate = {2018-06-22}
}

@misc{APDA:EnqueteLinguagem,
    author = "{Pesquisa sobre linguagens mais utilizadas nas faculdades brasileiras}",
    title = {Pesquisa sobre Linguagens mais utilizadas nas faculdades brasileiras},
    year = 2018,
    url = {https://www.facebook.com/groups/osadpa/permalink/1508699765902212/},
    urldate = {2018-06-22}
}

@misc{LearnOpenGL:Site,
    author = "{Learn OpenGL}",
    title = {Learn OpenGL},
    year = 2018,
    url = {https://learnopengl.com/},
    urldate = {2018-06-22}
}

@book{Woo:1999:OPG:554539,
 author = {Woo, Mason and Neider, Jackie and Davis, Tom and Shreiner, Dave},
 title = {OpenGL Programming Guide: The Official Guide to Learning OpenGL, Version 1.2},
 year = {1999},
 isbn = {0201604582},
 edition = {3rd},
 publisher = {Addison-Wesley Longman Publishing Co., Inc.},
 address = {Boston, MA, USA},
}

@book{Tanenbaum:2007:MOS:1410217,
 author = {Tanenbaum, Andrew S.},
 title = {Modern Operating Systems},
 year = {2007},
 isbn = {9780136006633},
 edition = {3rd},
 publisher = {Prentice Hall Press},
 address = {Upper Saddle River, NJ, USA},
} 

@misc{segal1999opengl,
  title={The OpenGL graphics system: A specification (version 1.1)},
  author={Segal, Mark and Akeley, Kurt},
  year={1999}
}